
@article{Altmann2010,
   author = {Altmann, Gerry T.M.},
   title = {Why emergentist accounts of cognition are more theoretically constraining than structured probability accounts: Comment on Griffiths et al. and McClelland et al},
   journal = {Trends in Cognitive Sciences},
   volume = {14},
   number = {8},
   pages = {340},
   doi = {10.1016/j.tics.2010.05.013},
   year = {2010}
}

@article{Ayton2004,
   author = {Ayton, Peter and Fischer, Ilan},
   title = {{T}he hot hand fallacy and the gambler's fallacy: {T}wo faces of subjective randomness?},
   journal = {Memory \& Cognition},
   volume = {32},
   number = {8},
   pages = {1369--1378},
   year = {2004},
   doi = {10.3758/BF03206327}
}

@article{Corbetta2002,
   author = {Corbetta, Maurizio and Shulman, Gordon L.},
   title = {Control of goal-directed and stimulus-driven attention in the brain},
   journal = {Nature Reviews Neuroscience},
   volume = {3},
   number = {3},
   pages = {201-215},
   doi = {10.1038/nrn755},
   year = {2002}
}

@article{Elman1990,
   author = {Elman, Jeffrey L.},
   title = {Finding structure in time},
   journal = {Cognitive Science},
   volume = {14},
   number = {2},
   pages = {179--211},
   year = {1990},
   doi={10.1016/0364-0213(90)90002-E}
}

@ARTICLE{Falk1997,
  author = {Falk, Ruma and Konold, Clifford},
  title = {{M}aking sense of randomness: {I}mplicit encoding as a basis for
	judgment},
  journal = {Psychological Review},
  year = {1997},
  volume = {104},
  pages = {301--318},
  number = {2},
  doi = {10.1037/0033-295x.104.2.301}
}


@article{Gigerenzer1995,
   author = {Gigerenzer, Gerd and Hoffrage, Ulrich},
   title = {How to improve Bayesian reasoning without instruction: Frequency formats},
   journal = {Psychological Review},
   volume = {102},
   number = {4},
   pages = {684-704},
   doi = {10.1037/0033-295x.102.4.684},
   year = {1995}
}

@ARTICLE{Gigerenzer1996,
  author = {Gigerenzer, Gerd},
  title = {{O}n narrow norms and vague heuristics: {A} reply to {K}ahneman and
	{T}versky},
  journal = {Psychological Review},
  year = {1996},
  volume = {103},
  pages = {592--596},
  number = {3},
  doi = {10.1037/0033-295x.103.3.592}
}

@ARTICLE{Gilovich1985,
  author = {Gilovich, Thomas and Vallone, Robert and Tversky, Amos},
  title = {{T}he hot hand in basketball: {O}n the misperception of random sequences},
  journal = {Cognitive Psychology},
  year = {1985},
  volume = {17},
  pages = {295--314},
  number = {3},
  doi = {10.1016/0010-0285(85)90010-6}
}

@article{Goodfellow1938,
   author = {Goodfellow, Louis D.},
   title = {A psychological interpretation of the results of the Zenith radio experiments in telepathy},
   journal = {Journal of Experimental Psychology},
   volume = {23},
   number = {6},
   pages = {601--632},
   doi = {10.1037/h0058392},
   year = {1938}
}

@BOOK{Graham1994,
  title = {{C}oncrete mathematics},
  publisher = {Addison-Wesley},
  year = {1994},
  author = {Graham, R. L. and Knuth, D. E. and Patashnik, O.},
  address = {Reading MA}
}

@INCOLLECTION{Griffiths2001,
  author = {Griffiths, Thomas L. and Tenenbaum, Joshua B.},
  title = {{R}andomness and coincidences: {R}econciling intuition and probability
	theory},
  booktitle = {Proceedings of the 23rd annual conference of the cognitive science
	society},
  publisher = {Lawrence Erlbaum Associates},
  year = {2001},
  editor = {Moore, Johanna D. and Stenning, Keith},
  pages = {398--403},
  address = {Mahwah, NJ}
}

@INCOLLECTION{Griffiths2003,
  author = {Griffiths, Thomas L. and Tenenbaum, Joshua B.},
  title = {{P}robability, algorithmic complexity, and subjective randomness},
  booktitle = {Proceedings of the 25th annual conference of the cognitive science
	society},
  publisher = {Cognitive Science Society},
  year = {2003},
  editor = {Alterman, Richard and Kirsh, David},
  pages = {480--485}
}

@article{Griffiths2010TiCS,
   author = {Griffiths, Thomas L. and Chater, Nick and Kemp, Charles and Perfors, Amy and Tenenbaum, Joshua B.},
   title = {Probabilistic models of cognition: Exploring representations and inductive biases},
   journal = {Trends in Cognitive Sciences},
   volume = {14},
   number = {8},
   pages = {357--364},
   doi = {10.1016/j.tics.2010.05.004},
   year = {2010}
}

@ARTICLE{Hahn2009,
  author = {Hahn, Ulrike and Warren, Paul A.},
  title = {{P}erceptions of randomness: {W}hy three heads are better than four},
  journal = {Psychological Review},
  year = {2009},
  volume = {116},
  pages = {454--461},
  number = {2},
  doi = {10.1037/a0015241}
}

@ARTICLE{Huettel2002,
  author = {Huettel, Scott A. and Mack, Peter B. and McCarthy, Gregory},
  title = {{P}erceiving patterns in random series: {D}ynamic processing of sequence
	in prefrontal cortex},
  journal = {Nature Neuroscience},
  year = {2002},
  volume = {5},
  pages = {485--490},
  number = {5},
  doi = {10.1038/nn841}
}

@book{HuffD1959,
   author = {Huff, Darell},
   title = {How to take a chance},
   publisher = {W. W. Norton},
   address = {New York},
   year = {1959}
}

@ARTICLE{Hsu2010,
  author = {Hsu, Anne and Griffiths, Thomas L. and Schreiber, Ethan},
  title = {{S}ubjective randomness and natural scene statistics},
  journal = {Psychonomic Bulletin \& Review},
  year = {2010},
  volume = {17},
  pages = {624--629},
  number = {5},
  doi = {10.3758/pbr.17.5.624}
}

@ARTICLE{Ivry2002,
  author = {Ivry, Richard B and Knight, Robert T.},
  title = {{M}aking order from chaos: {T}he misguided frontal lobe},
  journal = {Nature Neuroscience},
  year = {2002},
  volume = {5},
  pages = {394--396},
  number = {5},
  doi = {10.1038/nn0502-394}
}

@ARTICLE{Kolmogorov1965,
  author = {Kolmogorov, A. N.},
  title = {{T}hree approaches to the quantitative definition of information},
  journal = {Problems of Information Transmission},
  year = {1965},
  volume = {1},
  pages = {1--7}
}

@book{Laplace1796,
   author = {Laplace, P.},
   title = {A philosophical essay on probabilities},
   publisher = {Dover},
   address = {New York},
   year = {1796/1951}
}

@article{Lyons2013,
   author = {Lyons, James and Weeks, Daniel J and Elliott, Digby},
   title = {The gambler’s fallacy: A basic inhibitory process?},
   journal = {Frontiers in Psychology},
   volume = {4 (Article 72)},
   doi = {10.3389/fpsyg.2013.00072},
   year = {2013}
}

@article{McClelland2010,
   author = {McClelland, James L. and Botvinick, Matthew M. and Noelle, David C. and Plaut, David C. and Rogers, Timothy T. and Seidenberg, Mark S. and Smith, Linda B.},
   title = {{L}etting structure emerge: {C}onnectionist and dynamical systems approaches to cognition},
   journal = {Trends in Cognitive Sciences},
   volume = {14},
   number = {8},
   pages = {348--356},
   doi ={10.1016/j.tics.2010.06.002},
   year = {2010}
}

@article{Munakata2011,
   author = {Munakata, Yuko and Herd, Seth A. and Chatham, Christopher H. and Depue, Brendan E. and Banich, Marie T. and O’Reilly, Randall C.},
   title = {A unified framework for inhibitory control},
   journal = {Trends in Cognitive Sciences},
   volume = {15},
   number = {10},
   pages = {453-459},
   doi = {10.1016/j.tics.2011.07.011},
   year = {2011}
}

@ARTICLE{Nickerson2002,
  author = {Nickerson, Raymond S.},
  title = {{T}he production and perception of randomness},
  journal = {Psychological Review},
  year = {2002},
  volume = {109},
  pages = {330--357},
  number = {2},
  doi = {10.1037//0033-295X.109.2.330}
}

@ARTICLE{Oppenheimer2009,
  author = {Oppenheimer, Daniel M. and Monin, Ben\^{o}it},
  title = {{T}he retrospective gambler's fallacy: {U}nlikely events, constructing the past, and multiple universes},
  journal = {Judgment and Decision Making},
  year = {2009},
  volume = {4},
  pages = {326--334},
  number = {5}
}

@book{OReilly2012wiki,
   author = {O'Reilly, Randall C. and Munakata, Yuko and Frank, Michael J. and Hazy, Thomas E. and Contributors},
   title = {Computational Cognitive Neuroscience},
   address = {Wiki Book, 1st Edition, URL: http://ccnbook.colorado.edu},
   year = {2012}
}

@article{OReilly2014TI,
   author = {O'Reilly, Randall C. and Wyatte, Dean and Rohrlich, John},
   title = {Learning through time in the thalamocortical loops},
   journal = {Preprint at: http://arxiv.org/abs/1407.3432},
   year = {submitted}
}

@article{OReilly2014blicket,
   author = {O'Reilly, Randall C. and {et al.}},
   year = {in preparation}
}

@ARTICLE{Oskarsson2009,
  author = {Oskarsson, An T. and Van Boven, Leaf and McClelland, Gary H. and
	Hastie, Reid},
  title = {{W}hat's next? {J}udging sequences of binary events},
  journal = {Psychological Bulletin},
  year = {2009},
  volume = {135},
  pages = {262--285},
  number = {2},
  doi = {10.1037/a0014821}
}

@BOOK{Ross2007,
  title = {{I}ntroduction to probability models},
  publisher = {Academic Press},
  year = {2007},
  author = {Ross, Sheldon M.},
  address = {San Diego, CA},
  edition = {9th}
}

@ARTICLE{Sun2010,
  author = {Sun, Yanlong and Tweney, Ryan D. and Wang, Hongbin},
  title = {{O}ccurrence and nonoccurrence of random sequences: {C}omment on
	{H}ahn and {W}arren (2009)},
  journal = {Psychological Review},
  year = {2010},
  volume = {117},
  pages = {697--703},
  number = {2},
  doi = {10.1037/a0018994}
}

@ARTICLE{Sun2010cogpsy,
  author = {Sun, Yanlong and Wang, Hongbin},
  title = {{P}erception of randomness: {O}n the time of streaks},
  journal = {Cognitive Psychology},
  year = {2010},
  volume = {61},
  pages = {333--342},
  number = {4},
  doi = {10.1016/j.cogpsych.2010.07.001}
}

@ARTICLE{Sun2010jdm,
  author = {Sun, Yanlong and Wang, Hongbin},
  title = {{G}ambler's fallacy, hot hand belief, and time of patterns},
  journal = {Judgment and Decision Making},
  year = {2010},
  volume = {5},
  pages = {124--132},
  number = {2}
}

@INCOLLECTION{Tenenbaum2001,
  author = {Tenenbaum, Joshua B. and Griffiths, Thomas L.},
  title = {{T}he rational basis of representativeness},
  booktitle = {Proceedings of the 23rd annual conference of the cognitive science society},
  publisher = {Lawrence Erlbaum Associates},
  year = {2001},
  editor = {Moore, Johanna D. and Stenning, Keith},
  pages = {1036--1041},
  address = {Mahwah, NJ}
}

@article{Tenenbaum2011,
   author = {Tenenbaum, Joshua B. and Kemp, Charles and Griffiths, Thomas L. and Goodman, Noah D.},
   title = {{H}ow to grow a mind: Statistics, structure, and abstraction},
   journal = {Science},
   volume = {331},
   number = {6022},
   pages = {1279--1285},
   year = {2011},
   doi = {10.1126/science.1192788}
}

@ARTICLE{Tversky1971,
  author = {Tversky, Amos and Kahneman, Daniel},
  title = {{B}elief in the law of small numbers},
  journal = {Psychological Bulletin},
  year = {1971},
  volume = {76},
  pages = {105--110},
  number = {2},
  doi = {10.1037/h0031322}
}

@ARTICLE{Tversky1974,
  author = {Tversky, Amos and Kahneman, Daniel},
  title = {{J}udgment under uncertainty: {H}euristics and biases},
  journal = {Science},
  year = {1974},
  volume = {185},
  pages = {1124--1131},
  number = {4157},
  doi = {10.1126/science.185.4157.1124}
}
