@ARTICLE{OReillyEtAlIP,
  author = {O'Reilly, R. C. and Wyatte, D. and Herd, S. A. and Mingus, B. and Jilk, D. J. },
  title = {Recurrent processing in object recognition},
  year = {submitted}
}

@ARTICLE{KetzEtAlIP,
  author = {Ketz, N. and O'Reilly, R. C.},
  title = {Error-driven learning substantially improves hippocampal capacity},
  year = {in preparation}
}
