%% This BibTeX bibliography file was created using BibDesk.
%% http://bibdesk.sourceforge.net/


%% Created for Dean Wyatte at 2013-12-04 18:25:59 -0700 


%% Saved with string encoding Unicode (UTF-8) 



@article{Mathewson:2011,
	Author = {K Mathewson and A Lleras and D Beck and M Fabiani and T Ro and G Gratton},
	Date-Added = {2013-12-05 01:25:05 +0000},
	Date-Modified = {2013-12-05 01:25:58 +0000},
	Journal = {Frontiers in Psychology},
	Title = {Pulsed Out of Awareness: EEG Alpha Oscillations Represent a Pulsed-Inhibition of Ongoing Cortical Processing},
	Volume = {2},
	Year = {2011}}

@article{cite-key,
	Date-Added = {2013-12-05 01:25:04 +0000},
	Date-Modified = {2013-12-05 01:25:04 +0000}}

@article{Connors:1982,
	Author = {B W Connors and M Gutnick and D A Prince},
	Date-Added = {2013-12-04 19:04:29 +0000},
	Date-Modified = {2013-12-04 19:06:35 +0000},
	Journal = {Journal of Neurophysiology},
	Number = {6},
	Pages = {1302-1320},
	Title = {Electrophysiological properties of neocortical neurons in vitro.},
	Volume = {48},
	Year = {1982}}

@article{Memelink:2013,
	Author = {Memelink, J. and Hommel, B.},
	Date-Added = {2013-12-01 20:48:24 +0000},
	Date-Modified = {2013-12-01 20:49:22 +0000},
	Journal = {Psychological Research},
	Pages = {249--259},
	Title = {Intentional weighting: A basic principle in cognitive control},
	Volume = {77},
	Year = {2013}}

@incollection{Williams:1995,
	Address = {Hillsdale, NJ},
	Author = {Williams, R. J. and Zipser, D.},
	Booktitle = {Backpropagation: Theory, architectures, and applications},
	Date-Added = {2013-11-27 15:16:16 +0000},
	Date-Modified = {2013-11-27 15:17:46 +0000},
	Editor = {Y. Chauvin and D. E. Rumelhart},
	Pages = {433--486},
	Publisher = {Erlbaum},
	Title = {Gradient-based learning algorithms for recurrent neural networks and their computational complexity},
	Year = {1995}}

@article{Tenorth:2013,
	Author = {Tenorth, M. and Beetz, M.},
	Date-Added = {2013-11-26 20:47:39 +0000},
	Date-Modified = {2013-11-26 20:50:30 +0000},
	Journal = {International Journal of Robotics Research},
	Title = {KnowRob: A Knowledge Processing Infrastructure for Cognition-enabled Robots. Part 1: The KnowRob System},
	Year = {2013}}

@article{Botvinick:2007,
	Author = {Botvinick, M.},
	Date-Added = {2013-11-26 13:22:57 +0000},
	Date-Modified = {2013-11-26 13:33:11 +0000},
	Doi = {doi:10.1098/rstb.2007.2056},
	Journal = {Philosophical Transactions of the Royal Society B},
	Title = {Multilevel structure in behaviour and in the brain: A model of Fuster's hierarchy},
	Year = {2007},
	Bdsk-Url-1 = {http://dx.doi.org/10.1098/rstb.2007.2056}}

@incollection{Cer:2013,
	Address = {Oxford},
	Author = {Cer, D. M. and O'Reilly, R. C.},
	Booktitle = {Binding in Memory},
	Date-Added = {2013-11-08 11:04:13 +0000},
	Date-Modified = {2013-11-12 12:45:05 +0000},
	Editor = {Zimmer, H. D. and Mecklinger, A. and Lindenberger, U.},
	Publisher = {Oxford University Press},
	Title = {Neural mechanisms of binding in the hippocampus and neocortex: Insights from computational models},
	Year = {2013}}

@article{Aisa:2008,
	Author = {Aisa, B. and Mingus, B. and O'Reilly, R. C.},
	Date-Added = {2013-11-08 10:55:51 +0000},
	Date-Modified = {2013-11-08 10:57:46 +0000},
	Journal = {Neural Networks},
	Pages = {1146--1152},
	Title = {The emergent neural modeling system},
	Volume = {21},
	Year = {2008}}

@article{Buffalo:2011,
	Author = {E Buffalo and P Fries and R Landman and T Buschman and R Desimone},
	Date-Added = {2013-11-06 22:27:31 +0000},
	Date-Modified = {2013-11-06 22:28:03 +0000},
	Journal = {Proceedings of the National Academy of Sciences},
	Number = {27},
	Pages = {11262-11267},
	Title = {Laminar differences in gamma and alpha coherence in the ventral stream},
	Volume = {108},
	Year = {2011}}

@article{Silva:1991,
	Author = {L.R. Silva and Y. Amitai and B.W. Connors},
	Date-Added = {2013-11-06 21:59:30 +0000},
	Date-Modified = {2013-11-06 22:00:26 +0000},
	Journal = {Science},
	Pages = {432-435},
	Title = {Intrinsic oscillations of neocortex generated by layer 5 pyramidal neurons},
	Volume = {251},
	Year = {1991}}

@article{Douglas:2004,
	Author = {Rodney J. Douglas and Kevan A.C. Martin},
	Date-Added = {2013-11-06 21:47:25 +0000},
	Date-Modified = {2013-11-06 21:48:50 +0000},
	Journal = {Annual Review of Neuroscience},
	Pages = {419-451},
	Title = {Neuronal circuits of the Neocortex},
	Volume = {27},
	Year = {2004}}

@article{Mountcastle:1997,
	Author = {Vernon B. Mountcastle},
	Date-Added = {2013-11-06 21:43:44 +0000},
	Date-Modified = {2013-11-06 21:44:54 +0000},
	Journal = {Brain},
	Pages = {701-722},
	Title = {The columnar organization of the neocortex},
	Volume = {120},
	Year = {1997}}

@article{Brette:2005,
	Author = {R. Brette and W. Gerstner},
	Date-Added = {2013-11-06 17:15:06 +0000},
	Date-Modified = {2013-11-06 17:16:54 +0000},
	Journal = {Journal of Neurophysiology},
	Number = {5},
	Pages = {3637-3642},
	Title = {Adaptive exponential integrate-and-fire model as an effective description of neuronal activity.},
	Volume = {94},
	Year = {2005}}

@article{Hinton:2006,
	Author = {Hinton, G. E. and Salakhutdinov, R. R.},
	Date-Added = {2013-11-06 12:44:50 +0000},
	Date-Modified = {2013-11-06 12:45:56 +0000},
	Journal = {Science},
	Number = {5786},
	Pages = {504--507},
	Title = {Reducing the dimensionality of data with neural networks},
	Volume = {313},
	Year = {2006}}

@article{Lorincz:2009,
	Author = {Lorincz, M. L. and Kekesi, K. A. and Juhasz, G. and Crunelli, V. and Hughes, S. W.},
	Date-Added = {2013-11-06 10:37:03 +0000},
	Date-Modified = {2013-11-06 10:38:16 +0000},
	Journal = {Neuron},
	Number = {5},
	Pages = {683--696},
	Title = {Temporal framing of thalamic relay-mode firing by phasic inhibition during the alpha rhythm},
	Volume = {63},
	Year = {2009}}

@article{VanRullen:2003,
	Author = {VanRullen, R. and Koch, C.},
	Date-Added = {2013-11-06 10:37:02 +0000},
	Date-Modified = {2013-11-06 12:45:56 +0000},
	Journal = {Trends in Cognitive Sciences},
	Number = {5},
	Pages = {207--213},
	Title = {Is perception discrete or continuous?},
	Volume = {7},
	Year = {2003}}

@article{Pecher:2004,
	Author = {Pecher, D. and Zeelenberg, R. and Barsalou, L. W.},
	Date-Added = {2013-11-05 14:46:24 +0000},
	Date-Modified = {2013-11-05 14:49:29 +0000},
	Journal = {Psychonomic Bulletin \& Review},
	Pages = {164--167},
	Title = {Sensorimotor simulations underlie conceptual representations: Modality-specific effects of prior activation.},
	Volume = {11},
	Year = {2004}}

@article{Pecher:2003,
	Author = {Pecher, D. and Zeelenberg, R. and Barsalou, L. W.},
	Date-Added = {2013-11-05 14:46:20 +0000},
	Date-Modified = {2013-11-05 14:49:10 +0000},
	Journal = {Psychological Science},
	Pages = {119--124},
	Title = {Verifying properties from different modalities for concepts produces switching costs},
	Volume = {14},
	Year = {2003}}

@article{Barsalou:1999,
	Author = {Barsalou, L. W.},
	Date-Added = {2013-11-05 14:44:02 +0000},
	Date-Modified = {2013-11-05 14:44:41 +0000},
	Journal = {Behavioral and Brain Sciences},
	Pages = {577--660},
	Title = {Perceptual symbol systems},
	Volume = {22},
	Year = {1999}}

@article{Elsner:2001,
	Author = {Elsner, B. and Hommel, B.},
	Date-Added = {2013-11-05 14:42:14 +0000},
	Date-Modified = {2013-11-05 14:43:04 +0000},
	Journal = {Journal of Experimental Psychology: Human Perception and Performance},
	Pages = {229--240},
	Title = {Effect anticipation and action control},
	Volume = {27},
	Year = {2001}}

@book{OReilly:book,
	Address = {URL: \texttt{http://ccnbook.colorado.edu}},
	Author = {O'Reilly, R. C. and Munakata, Y. and Frank, M. J. and Hazy, T. E. and Contributors},
	Date-Added = {2013-11-05 13:23:38 +0000},
	Date-Modified = {2013-11-05 15:58:05 +0000},
	Edition = {2nd},
	Publisher = {Wiki Book},
	Title = {Computational Cognitive Neuroscience},
	Year = {2013}}

@article{Elsner:2004,
	Author = {Elsner, B. and Hommel, B.},
	Date-Added = {2013-11-04 17:49:50 +0000},
	Date-Modified = {2013-11-04 17:50:37 +0000},
	Journal = {Psychological Research},
	Pages = {138--154},
	Title = {Contiguity and contingency in the acquisition of action effects},
	Volume = {68},
	Year = {2004}}

@article{Stock:2004,
	Author = {Stock, A. and Stock, C.},
	Date-Added = {2013-11-04 17:48:25 +0000},
	Date-Modified = {2013-11-04 17:48:56 +0000},
	Journal = {Psychological Research},
	Pages = {176--188},
	Title = {A short history of ideo-motor action},
	Volume = {68},
	Year = {2004}}

@article{Rosenbaum:2007,
	Author = {Rosenbaum, D. A. and Cohen, R. G. and Jax, S. A. and Van Der Wel, R. and Weiss, D. J.},
	Date-Added = {2013-11-04 17:44:33 +0000},
	Date-Modified = {2013-11-04 17:45:45 +0000},
	Journal = {Human Movement Science},
	Pages = {525--554},
	Title = {The problem of serial order in behavior: Lashley's legacy},
	Volume = {26},
	Year = {2007}}

@article{Cooper:2000,
	Author = {Cooper, R. P. and Shallice, T.},
	Date-Added = {2013-11-04 17:31:08 +0000},
	Date-Modified = {2013-11-04 17:32:04 +0000},
	Journal = {Cognitive Neuropsychology},
	Number = {4},
	Pages = {2987--338},
	Title = {Contention scheduling and the control Contention scheduling and the control of routine activities},
	Volume = {17},
	Year = {2000}}

@article{Elsner:2002,
	Author = {Elsner, B. and Hommel, B. and Mentschel, C. and Drzezga, A. and Prinz, W. and Conrad, B. and Siebner, H.},
	Date-Added = {2013-11-04 17:23:24 +0000},
	Date-Modified = {2013-11-04 17:38:55 +0000},
	Journal = {Neuroimage},
	Pages = {364--372},
	Title = {Linking actions and their perceivable consequences in the human brain},
	Volume = {17},
	Year = {2002}}

@article{Sternberg:1969,
	Author = {Sternberg, S.},
	Date-Added = {2013-11-04 17:21:38 +0000},
	Date-Modified = {2013-11-04 17:22:28 +0000},
	Journal = {Acta Psychologica},
	Pages = {276--315},
	Title = {The discovery of processing stages: Extensions of Donders' method},
	Volume = {30},
	Year = {1969}}

@incollection{Donders:1868,
	Author = {Donders, F. C.},
	Booktitle = {Attention and Performance II},
	Date-Added = {2013-11-04 17:17:10 +0000},
	Date-Modified = {2013-11-04 17:21:28 +0000},
	Editor = {Koster, W. G.},
	Pages = {412-431},
	Title = {On the speed of mental processes},
	Year = {1868}}

@book{James:1890,
	Address = {New York},
	Author = {James, W.},
	Date-Added = {2013-11-04 17:14:27 +0000},
	Date-Modified = {2013-11-04 17:38:13 +0000},
	Publisher = {Henry Holt},
	Title = {The Principles of Psychology},
	Year = {1890}}

@book{OReilly:2000,
	Author = {O'Reilly, R. C. and Munakata, Y.},
	Date-Added = {2013-11-04 17:12:11 +0000},
	Date-Modified = {2013-11-04 17:12:38 +0000},
	Publisher = {MIT Press},
	Title = {Computational explorations in cognitive neuroscience: Understanding the mind by simulating the brain},
	Year = {2000}}

@incollection{OReilly:2013,
	Address = {Oxford},
	Author = {O'Reilly, R. C. and Hazy, T. E. and Herd, S. A.},
	Booktitle = {Oxford Handbook of Cognitive Science},
	Date-Added = {2013-11-04 17:06:50 +0000},
	Date-Modified = {2013-11-04 17:09:17 +0000},
	Editor = {S. Chipman},
	Publisher = {Oxford University Press},
	Title = {The Leabra cognitive architecture: How to play 20 questions with nature and win!},
	Year = {in press}}

@article{Hommel:2004,
	Author = {Hommel, B.},
	Date-Added = {2013-10-23 14:12:41 +0000},
	Date-Modified = {2013-10-23 14:46:45 +0000},
	Journal = {Trends in Cognitive Sciences},
	Number = {11},
	Pages = {494--500},
	Title = {Event files: Feature binding in and across perception and action},
	Volume = {8},
	Year = {2004}}

@article{Elman:1990,
	Author = {Elman, J. L.},
	Date-Added = {2013-10-16 14:08:14 +0000},
	Date-Modified = {2013-10-16 14:08:53 +0000},
	Journal = {Cognitive Science},
	Number = {2},
	Pages = {179--211},
	Title = {Finding Structure in Time},
	Volume = {14},
	Year = {1990}}

@article{Sutton:1999,
	Author = {Sutton, R. S. and Precup, D. and Singh, S.},
	Date-Added = {2013-10-16 12:40:48 +0000},
	Date-Modified = {2013-10-16 12:42:43 +0000},
	Journal = {Artificial Intelligence},
	Number = {1},
	Pages = {181--211},
	Title = {Between MDPs and semi-MDPs: A framework for temporal abstraction in reinforcement learning},
	Volume = {112},
	Year = {1999}}

@article{Nissen:1987,
	Author = {M. J. Nissen and P. Bulemer},
	Date-Added = {2013-09-25 12:11:07 +0000},
	Date-Modified = {2013-09-25 12:12:25 +0000},
	Journal = {Cognitive Psychology},
	Pages = {1--32},
	Title = {Attentional requirements of learning: Evidence from performance measures},
	Volume = {19},
	Year = {1987}}

@incollection{Lashley:1951,
	Address = {New York},
	Author = {K. S. Lashley},
	Booktitle = {Cerebral mechanisms in behavior},
	Date-Added = {2013-09-24 09:57:48 +0000},
	Date-Modified = {2013-09-24 10:02:00 +0000},
	Editor = {L. A. Jeffress},
	Pages = {112--136},
	Publisher = {Wiley},
	Title = {The problem of serial order in behavior},
	Year = {1951}}

@article{Wohlschlager:2003,
	Author = {Wohlschlager, A. and Gattis, M. L. and Bekkering, H.},
	Date-Added = {2013-04-03 10:31:35 +0000},
	Date-Modified = {2013-04-03 11:24:17 +0000},
	Journal = {Philosophical Transactions of the Royal Society B Biological Sciences},
	Number = {1431},
	Pages = {501--515},
	Title = {Action generation and action perception in imitation: An instantiation of the ideomotor principle},
	Volume = {358},
	Year = {2003}}

@article{Cooper:2012,
	Author = {Cooper, R. P. and Cook, R. and Dickinson, A. and Heyes, C. M.},
	Date-Added = {2013-04-03 09:19:04 +0000},
	Date-Modified = {2013-04-03 09:20:07 +0000},
	Journal = {Neuroscience Letters},
	Title = {Associative (not Hebbian) learning and the mirror neuron system},
	Year = {2012}}

@article{Bekkering:2000,
	Author = {Bekkering, H. and Wohlschlager, A. and Gattis, M.},
	Date-Added = {2013-04-03 09:16:02 +0000},
	Date-Modified = {2013-04-03 09:18:51 +0000},
	Journal = {Quarterly Journal of Experimental Psychology},
	Number = {1},
	Pages = {153--164},
	Title = {Imitation of Gestures in Children is Goal-directed},
	Volume = {53A},
	Year = {2000}}

@incollection{Heyes:2011,
	Author = {Heyes, C.},
	Booktitle = {Tutorials in Action Science},
	Date-Added = {2013-04-03 09:12:28 +0000},
	Date-Modified = {2013-04-03 09:17:28 +0000},
	Editor = {Prinz, W. and Beisert, M. and Herwig, A.},
	Publisher = {MIT Press},
	Title = {Imitation - Associative and Context-dependent},
	Year = {2011}}

@article{Botvinick:2002,
	Author = {Botvinick, M. and Plaut, D. C.},
	Date-Added = {2013-02-28 16:22:32 +0000},
	Date-Modified = {2013-02-28 16:23:28 +0000},
	Journal = {Psychological Research},
	Pages = {298--311},
	Title = {Representing task context: proposals based on a connectionist model of action.},
	Volume = {66},
	Year = {2002}}

@article{Cooper:2006,
	Author = {Cooper, R. P. and Shallice, T.},
	Date-Added = {2013-02-28 16:19:59 +0000},
	Date-Modified = {2013-02-28 16:20:29 +0000},
	Journal = {Psychological Review},
	Number = {4},
	Pages = {887--916},
	Title = {Hierarchical Schemas and Goals in the Control of Sequential Behavior},
	Volume = {113},
	Year = {2006}}

@article{Botvinick:2004,
	Author = {Botvinick, M. and Plaut, D. C.},
	Date-Added = {2013-02-28 16:15:22 +0000},
	Date-Modified = {2013-02-28 16:16:05 +0000},
	Journal = {Psychological Review},
	Pages = {395--429},
	Title = {Doing without schema hierarchies: A recurrent connectionist approach to routine sequential action and its pathologies},
	Volume = {111},
	Year = {2004}}

@incollection{Hommel:2013,
	Address = {Cambridge, MA},
	Author = {Hommel, B.},
	Booktitle = {Action science: Foundations of an emerging discipline},
	Date-Added = {2013-02-28 13:39:01 +0000},
	Date-Modified = {2013-02-28 13:41:06 +0000},
	Editor = {W. Prinz and M. Beisert and A. Herwig},
	Pages = {113-136},
	Publisher = {MIT Press},
	Title = {Ideomotor action control: On the perceptual grounding of voluntary actions and agents},
	Year = {2013}}

@article{Eder:2013,
	Author = {Eder, A. B. and Hommel, B.},
	Date-Added = {2013-02-28 13:35:57 +0000},
	Date-Modified = {2013-02-28 13:38:50 +0000},
	Journal = {Emotion Review},
	Title = {Anticipatory control of approach and avoidance: An ideomotor approach},
	Year = {2013}}

@article{Simon:1967,
	Author = {Simon, J. R. and Rudell, A. P.},
	Date-Added = {2013-01-18 13:38:43 +0000},
	Date-Modified = {2013-01-18 13:40:07 +0000},
	Journal = {Journal of Applied Psychology},
	Pages = {300--304},
	Title = {Auditory S-R compatibility: The effect of an irrelevant cue on information processing},
	Volume = {51},
	Year = {1967}}

@article{Hommel:2009,
	Author = {Hommel, B},
	Date-Added = {2013-01-18 13:37:19 +0000},
	Date-Modified = {2013-01-18 13:38:33 +0000},
	Journal = {Psychological Research},
	Pages = {512--526},
	Title = {Action control according to TEC (theory of event coding)},
	Volume = {73},
	Year = {2009}}

@article{Hommel:2001,
	Author = {Hommel, B and M\"usseler, J and Aschersleben, G and Prinz, W},
	Date-Added = {2013-01-18 11:25:48 +0000},
	Date-Modified = {2013-01-18 12:45:56 +0000},
	Journal = {Behavioral and Brain Sciences},
	Pages = {849--937},
	Title = {The theory of event coding (TEC): A framework for perception and action planning},
	Volume = {24},
	Year = {2001}}

@article{Haazebroek:2011,
	Author = {Haazebroek, P and van Dantzig, S and Hommel, B},
	Date-Added = {2013-01-18 11:05:36 +0000},
	Date-Modified = {2013-01-18 11:08:07 +0000},
	Journal = {Cognitive Processes},
	Pages = {355--365},
	Title = {A computational model of perception and action for cognitive robotics},
	Volume = {12},
	Year = {2011}}
